@inproceedings{thorne2019fever2,
  title={The FEVER2. 0 Shared Task},
  author={Thorne, James and Vlachos, Andreas and Cocarascu, Oana and Christodoulopoulos, Christos and Mittal, Arpit},
  booktitle={Proceedings of the Second Workshop on Fact Extraction and VERification (FEVER)},
  pages={1--6},
  year={2019}
}

%DATASETS
@inproceedings{aleksandrova2019multilingual,
  title={Multilingual sentence-level bias detection in Wikipedia},
  author={Aleksandrova, Desislava and Lareau, Fran{\c{c}}ois and M{\'e}nard, Pierre Andr{\'e}},
  booktitle={Proceedings of the International Conference on Recent Advances in Natural Language Processing (RANLP 2019)},
  pages={42--51},
  year={2019}
}

@inproceedings{pryzant2020automatically,
  title={Automatically neutralizing subjective bias in text},
  author={Pryzant, Reid and Martinez, Richard Diehl and Dass, Nathan and Kurohashi, Sadao and Jurafsky, Dan and Yang, Diyi},
  booktitle={Proceedings of the aaai conference on artificial intelligence},
  volume={34},
  number={01},
  pages={480--489},
  year={2020}
}

@InProceedings{Pang+Lee:04a,
  author =       {Bo Pang and Lillian Lee},
  title =        {A Sentimental Education: Sentiment Analysis Using Subjectivity Summarization Based on Minimum Cuts},
  booktitle =    "Proceedings of the ACL",
  year =         2004
}

@article{wiebe2005annotating,
  title={Annotating expressions of opinions and emotions in language},
  author={Wiebe, Janyce and Wilson, Theresa and Cardie, Claire},
  journal={Language resources and evaluation},
  volume={39},
  number={2},
  pages={165--210},
  year={2005},
  publisher={Springer}
}

@inproceedings{hube2019neural,
  title={Neural based statement classification for biased language},
  author={Hube, Christoph and Fetahu, Besnik},
  booktitle={Proceedings of the twelfth ACM international conference on web search and data mining},
  pages={195--203},
  year={2019}
}


@inproceedings{farber2020multidimensional,
  title={A multidimensional dataset based on crowdsourcing for analyzing and detecting news bias},
  author={F{\"a}rber, Michael and Burkard, Victoria and Jatowt, Adam and Lim, Sora},
  booktitle={Proceedings of the 29th ACM International Conference on Information \& Knowledge Management},
  pages={3007--3014},
  year={2020}
}
