@inproceedings{thorne2019fever2,
  title={The FEVER2. 0 Shared Task},
  author={Thorne, James and Vlachos, Andreas and Cocarascu, Oana and Christodoulopoulos, Christos and Mittal, Arpit},
  booktitle={Proceedings of the Second Workshop on Fact Extraction and VERification (FEVER)},
  pages={1--6},
  year={2019}
}